@MISC {WEBSITE:1,
    howpublished = "\url{https://medium.com/usf-msds/choosing-the-right-metric-for-machine-learning-models-part-1-a99d7d7414e4}",
    author  = "Alvira Swalin",
    title   = "Choosing the Right Metric for Evaluating Machine Learning Modelsâ€Š- Part I",
    journal = "Towards Data Science",
    year    = "2018"
}
@MISC {WEBSITE:2,
    howpublished = "\url{https://newonlinecourses.science.psu.edu/stat504/node/216/}",
    title   = "Introduction to Generalized Linear Models",
    journal = "Penn State Eberly College of Science",
    year    = "2018"
}
@MISC {WEBSITE:3,
    howpublished = "\url{http://statmath.wu.ac.at/courses/heather_turner/glmCourse_001.pdf}",
    author  = "Heather Turner",
    title   = "Introduction to Generalized Linear Models",
    journal = "ESRC National Centre for Research Methods, UK and Department of Statistics University of Warwick, UK",
    year    = "2018"
}
