@MISC {WEBSITE:1,
    howpublished = "\url{https://towardsdatascience.com/stochastic-gradient-descent-with-momentum-a84097641a5d}",
    author  = "Vitaly Bushaev",
    title   = "Stochastic Gradient Descent with Momentum",
    journal = "Towards Data Science",
    year    = "2017"
}
@MISC {WEBSITE:2,
    howpublished = "\url{http://akyrillidis.github.io/notes/AdaGrad}",
    author  = "Anastasios Kyrillidis",
    title   = "Adagrad",
}
@MISC {WEBSITE:3,
    howpublished = "\url{https://towardsdatascience.com/l1-and-l2-regularization-methods-ce25e7fc831c}",
    author  = "Vitaly Bushaev",
    title   = "L1 and L2 Regularization",
    journal = "Towards Data Science",
    year    = "2017"
}
@MISC {WEBSITE:4,
    howpublished = "\url{https://maciejkula.github.io/rustlearn/doc/rustlearn/trees/decision_tree/index.html}",
    author  = "Maciej Kula",
    title   = "Rustlearn Decision Tree",
    year    = "2018"
}
@MISC {WEBSITE:5,
    howpublished = "\url{https://rafalab.github.io/pages/649/section-11.pdf}",
    author  = "Rafael Irizarry",
    title   = "Decision Tree",
    year = "2006"
}
@MISC {WEBSITE:6,
    howpublished = "\url{https://scikit-learn.org/stable/modules/tree.html}",
    title   = "Decision Trees and Random Forest.",
    year    = "2011"
}
@article{scikit-learn,
    title={"Scikit-learn: Machine Learning in {P}ython"},
    author={"Pedregosa, F. and Varoquaux, G. and Gramfort, A. and Michel, V. and Thirion, B. and Grisel, O. and Blondel, M. and Prettenhofer, P. and Weiss, R. and Dubourg, V. and Vanderplas, J. and Passos, A. and Cournapeau, D. and Brucher, M. and Perrot, M. and Duchesnay, E."},
    journal={"Journal of Machine Learning Research"},
    volume={"12"},
    pages={"2825--2830"},
    year={"2011"}
}
@MISC {WEBSITE:7,
    howpublished = "\url{https://www.stat.berkeley.edu/~breiman/randomforest2001.pdf}",
    author  = "Leo Breiman",
    title   = "Random Forests",
    year    = "2001"
}
@MISC {WEBSITE:8,
    howpublished = "\url{https://www.stat.berkeley.edu/~breiman/RandomForests/cc_home.htm}",
    author  = "Leo Breiman and Adele Cutler",
    title   = "Random Forests.",
}
@inproceedings{Chen:2016:XST:2939672.2939785,
    author = "Chen, Tianqi and Guestrin, Carlos",
    title = "XGBoost: A Scalable Tree Boosting System",
    booktitle = "Proceedings of the 22nd ACM SIGKDD International Conference on Knowledge Discovery and Data Mining",
    series = "KDD '16",
    year = "2016",
    isbn = "978-1-4503-4232-2",
    pages = "785--794",
    numpages = "10",
    url = "http://doi.acm.org/10.1145/2939672.2939785",
    doi = "10.1145/2939672.2939785",
    acmid = "2939785",
    publisher = "ACM",
    keywords = "large-scale machine learning",
}
@MISC {WEBSITE:9,
    howpublished = "\url{https://www.analyticsvidhya.com/blog/2018/09/an-end-to-end-guide-to-understand-the-math-behind-xgboost/}",
    author  = "Ramya Bhaskar Sundaram ",
    title   = "The math behind XGBoost",
    journal = "Analytics Vidhya",
    year    = "2018"
}
@MISC {WEBSITE:10,
    howpublished = "\url{https://datascience.stackexchange.com/questions/10997/need-help-understanding-xgboosts-approximate-split-points-proposal}",
    author  = "StackExchange:user:15501",
    title   = "Need help understanding xgboost's approximate split points proposal
",
    journal = "Data Science StackExchange",
    year    = "2016"
}
@article{svm,
    author =       "Chih-Wei Hsu, Chih-Chung Chang, and Chih-Jen Lin",
    title =        "A Practical Guide to Support Vector Classification",
    journal =      "Department of Computer Science, National Taiwan University, Taipei 106, Taiwan",
    year =         "2016",
    DOI =          "https://www.csie.ntu.edu.tw/~cjlin/papers/guide/guide.pdf"
}
@MISC {WEBSITE:11,
    howpublished = "\url{https://skymind.ai/wiki/neural-network}",
    title   = "A Beginner's Guide to Neural Networks and Deep Learning",
    journal = "Skymind A.I. Wiki",
}
@MISC {WEBSITE:12,
    howpublished = "\url{http://torch.ch/}",
    title   = "Torch",
}
@MISC {WEBSITE:14,
    howpublished = "\url{https://newonlinecourses.science.psu.edu/stat501/node/382/}",
    title   = "A Matrix Formulation of the Multiple Regression Model",
    journal = "PennState Eberly College of Science",
    year    = "2018"
}
@MISC {WEBSITE:13,
    howpublished = "\url{https://pytorch.org/docs/stable/notes/autograd.html#excluding-subgraphs-from-backward}",
    title   = "Excluding subgraphs from backward",
    journal = "pytorch docs",
    year    = "2018"
}
@MISC {WEBSITE:15,
    howpublished = "\url{http://wiki.fast.ai/index.php/Log_Loss#Log_Loss_vs_Cross-Entropy}",
    title   = "Log Loss",
    year    = "2017"
}
@MISC {WEBSITE:16,
    howpublished = "\url{https://docs.rs/float-cmp/0.4.0/float_cmp/}",
    title   = "Float Comparisons",
}
@MISC {WEBSITE:17,
    howpublished = "\url{https://developers.google.com/machine-learning/crash-course/classification/roc-and-auc}",
    author  = "Google",
    title   = "Classification: ROC Curve and AUC",
    year    = "2019"
}
@MISC {WEBSITE:18,
    howpublished = "\url{https://www.csie.ntu.edu.tw/~cjlin/papers/tanh.pdf}",
    author  = "Hsuan-Tien Lin and Chih-Jen Lin",
    title   = "A Study on Sigmoid Kernels for SVM and the Training ofnon-PSD Kernels by SMO-type Methods",
}
