@MISC {UL:1,
    howpublished = "\url{http://mlg.eng.cam.ac.uk/pub/pdf/Gha03a.pdf}",
    author  = "Zoubin Ghahramani",
    title   = "Unsupervised Learning",
    journal = "Gatsby Computational Neuroscience Unit, University College London, UK",
    year    = "2004"
}
@MISC {UL:2,
    howpublished = "\url{http://statweb.stanford.edu/~tibs/stat315a/LECTURES/em.pdf}",
    author  = "Hastie and Tibshirani",
    title   = "Gaussian Mixture Models",
    year    = "2008"
}
@MISC {UL:3,
    howpublished = "\url{https://www.ics.uci.edu/~smyth/courses/cs274/notes/EMnotes.pdf}",
    title   = "The EM Algorithm for Gaussian Mixtures",
}
@MISC {UL:4,
    howpublished = "\url{https://medium.com/technology-nineleaps/dimensional-reduction-and-principal-component-analysis-i-8ce60a5ed2c2}",
    author  = "Joydeep Bhattacharjee",
    title   = "Dimensionality Reduction and Principal Component Analysis - I",
    year    = "2017"
}
@MISC {UL:5,
    howpublished = "\url{https://towardsdatascience.com/curse-of-dimensionality-2092410f3d27}",
    author  = "Badreesh Shetty",
    title   = "Curse of Dimensionality",
    year    = "2019"
}
@MISC {UL:6,
    howpublished = "\url{http://www2.imm.dtu.dk/pubdb/views/edoc_download.php/4000/pdf/imm4000}",
    author  = "Rasmus Elsborg Madsen, Lars Kai Hansen and Ole Winther"
    title   = "Singular Value Decomposition and Principal Component Analysis",
    year    = "2004"
}
@incollection{UL:7,
    TITLE = {Python DataScience Handbook},
    SUBTITLE = {Essential tools for working with data},
    author  = "Jake VanderPlas",
    AUTHOR = {Mack, Chris A},
    YEAR = {2016},
    PUBLISHER = {O'Reilly Media},
    chapter = "In Depth: Gaussian Mixture Models"
}
@proceedings{UL:8,
  editor =       {Janio Canuto, Jugurta Montalv ̃ao},
	title = "CONTOUR LEVEL ESTIMATION FROM GAUSSIAN MIXTURE MODELSAPPLIED TO NONLINEAR BSS",
  publisher = "Universidade Federal de Sergipe (UFS)N  ́ucleo de Engenharia El ́etricaS ̃ao Crist  ́ov ̃ao",
  venue =        {Brazil},
  year =         {2008},
}
@MISC{UL:9,
    howpublished = "\url{https://arxiv.org/abs/1205.1117}",
    TITLE = {An Overview on Clustering Methods},
    author  = "T. Soni Madhulatha",
    YEAR = {2012},
    PUBLISHER = {O'Reilly Media},
    journal = "IOSR Journal of Engineering, Apr. 2012, Vol. 2(4) pp: 719-725, ISSN 2250-3021",
}
@MISC {UL:10,
    howpublished = "\url{http://ilpubs.stanford.edu:8090/778/1/2006-13.pdf}",
    author  = "David Arthur and Sergei Vassilvitskii",
    title   = "k-means++:  The Advantages of Careful Seeding",
    year    = "2006"
}
@MISC {UL:11,
    howpublished = "\url{http://www.jmlr.org/papers/volume18/17-039/17-039.pdf}",
    title  = "The Impact of Random Models on Clustering Similarity",
    author   = "Alexander J. Gates, Yong-Yeol Ahn",
    year    = "2017"
}
