@ARTICLE{2015arXiv150300759N,
       author = {{Nickel}, Maximilian and {Murphy}, Kevin and {Tresp}, Volker and
         {Gabrilovich}, Evgeniy},
        title = "{A Review of Relational Machine Learning for Knowledge Graphs}",
      journal = {arXiv e-prints},
     keywords = {Statistics - Machine Learning, Computer Science - Machine Learning},
         year = "2015",
        month = "Mar",
          eid = {arXiv:1503.00759},
        pages = {arXiv:1503.00759},
archivePrefix = {arXiv},
       eprint = {1503.00759},
 primaryClass = {stat.ML},
       adsurl = {https://ui.adsabs.harvard.edu/abs/2015arXiv150300759N},
      adsnote = {Provided by the SAO/NASA Astrophysics Data System}
}
