@MISC{CV:1,
   author =       {cetra3},
   title  =       {Face Detection with Tensorflow Rust},
   %editor =       {Surfline.com},
   month  =       {March},
   year   =       {2019},
   url    =       {https://cetra3.github.io/blog/face-detection-with-tensorflow-rust/},
   %note   =       {[Online; posted 27-August-2012]},
}
@article{CV:2,
  author    = {Leon A. Gatys and
               Alexander S. Ecker and
               Matthias Bethge},
  title     = {A Neural Algorithm of Artistic Style},
  journal   = {CoRR},
  volume    = {abs/1508.06576},
  year      = {2015},
  url       = {http://arxiv.org/abs/1508.06576},
  archivePrefix = {arXiv},
  eprint    = {1508.06576},
  timestamp = {Mon, 13 Aug 2018 16:48:03 +0200},
  biburl    = {https://dblp.org/rec/bib/journals/corr/GatysEB15a},
  bibsource = {dblp computer science bibliography, https://dblp.org}
}
@MISC{CV:3,
   author =       {Greg Surma},
   title  =       {Style Transfer - Styling Images with Convolutional Neural Networks},
   editor =       {Towards Data Science},
   month  =       {January},
   year   =       {2014},
   url    =       {https://towardsdatascience.com/style-transfer-styling-images-with-convolutional-neural-networks-7d215b58f461},
   note   =       {[Online; last checked 19 May 2019]},
}
@MISC{CV:4,
   author =       {Tanish Baranwal},
   title  =       {Neural Style Transfer Using Tensorflow 2.0},
   editor =       {Towards Data Science},
   month  =       {April},
   year   =       {2019},
   url    =       {https://towardsdatascience.com/neural-style-transfer-23a3fb4c6a9e},
   note   =       {[Online; last checked 19 May 2019]},
}
@MISC{CV:5,
   author =       {Andrej Karpathy},
   title  =       {Convolutional Neural Networks (CNNs / ConvNets)},
   %editor =       {Towards Data Science},
   %month  =       {April},
   %year   =       {2019},
   url    =       {http://cs231n.github.io/convolutional-networks/},
   note   =       {[Online; last checked 24 May 2019]},
}
